% Placeholder entries; uzupelnic podczas redakcji

@online{android-docs,
  title        = {Android Developers Documentation},
  url          = {https://developer.android.com},
  note         = {Dostep: \today}
}

@online{kotlin-docs,
  title        = {Kotlin Documentation},
  url          = {https://kotlinlang.org/docs/home.html},
  note         = {Dostep: \today}
}
